@INPROCEEDINGS{tutorial-1,
   AUTHOR = {Uchendu, Adaku and Venkatraman, Saranya and Le, Thai and Lee, Dongwon},
   TITLE = {Catch Me If You GPT: Tutorial on Deepfake Texts},
   SORTNAME = {Catch Me If You GPT: Tutorial on Deepfake Texts},
}
@INPROCEEDINGS{tutorial-2,
   AUTHOR = {Chen, Muhao and Xiao, Chaowei and Sun, Huan and Li, Lei and Derczynski, Leon and Anandkumar, Anima},
   TITLE = {Combating Security and Privacy Issues in the Era of Large Language Models},
   SORTNAME = {Combating Security and Privacy Issues in the Era of Large Language Models},
}
@INPROCEEDINGS{tutorial-3,
   AUTHOR = {Zhu, Zining and Chen, Hanjie and Ye, Xi and Tan, Chenhao and Marasovic, Ana and Wiegreffe, Sarah and Lyu, Qing },
   TITLE = {Explanation in the Era of Large Language Models},
   SORTNAME = {Explanation in the Era of Large Language Models},
}
@INPROCEEDINGS{tutorial-4,
   AUTHOR = {
   Ganesan, Adithya V
   and Mangalik, Siddharth
   and Varadarajan, Vasudha
   and Soni, Nikita
   and Juhng, Swanie
   and Sedoc, Jo\~ao
   and Schwartz, H. Andrew
   and Giorgi, Salvatore
   and Boyd, Ryan},
   TITLE = {From Text to Context: Contextualizing Language with Humans, Groups, and Communities for Socially Aware NLP},
   SORTNAME = {From Text to Context: Contextualizing Language with Humans, Groups, and Communities for Socially Aware NLP},
}
@INPROCEEDINGS{tutorial-5,
   AUTHOR = {Yang, Diyi and Wu, Tongshuang and Hearst, Marti A.},
   TITLE = {Human--AI Interaction in the Age of LLMs},
   SORTNAME = {Human--AI Interaction in the Age of LLMs},
}
@INPROCEEDINGS{tutorial-6,
   AUTHOR = {Kordjamshidi, Parisa and Moens, Marie-Francine and Pustejovsky, James and Ning, Qiang},
   TITLE = {Spatial and Temporal Language Understanding: Representation, Reasoning, and Grounding},
   SORTNAME = {Spatial and Temporal Language Understanding: Representation, Reasoning, and Grounding},
}
