@inproceedings{ws1,
  title = {*SEM 2024: The 13th Joint Conference on Lexical and Computational Semantics},
  author = {Camacho-Collados, Jose and Bollegala, Danushka and Shwartz, Vered and Zhou, Yi and McCoy, Tom and Santus, Enrico and Schlechtweg, Dominik and Sayeed, Asad and Tanner, Chris and Cheung, Jackie Chi Kit and Paul, Debjit and Komachi, Mamoru and Sasano, Ryohei and Friedrich, Annemarie and Gonen, Hila and Stanovsky, Gabriel and Sulem, Elior and Kaneko, Masahiro},
  sortname = {Camacho-Collados, Jose and Bollegala, Danushka and Shwartz, Vered and Zhou, Yi and McCoy, Tom and Santus, Enrico and Schlechtweg, Dominik and Sayeed, Asad and Tanner, Chris and Cheung, Jackie Chi Kit and Paul, Debjit and Komachi, Mamoru and Sasano, Ryohei and Friedrich, Annemarie and Gonen, Hila and Stanovsky, Gabriel and Sulem, Elior and Kaneko, Masahiro},
}

@inproceedings{ws2,
  title = {The 18th International Workshop on Semantic Evaluation (SemEval-2024)},
  author = {Ojha, Atul Kr. and Doğruöz, A. Seza and Da San Martino, Giovanni and Tayyar Madabushi, Harish and Rosenthal, Sara and Rosá, Aiala},
  sortname = {Ojha, Atul Kr. and Doğruöz, A. Seza and Da San Martino, Giovanni and Tayyar Madabushi, Harish and Rosenthal, Sara and Rosá, Aiala},
}

@inproceedings{ws3,
  title = {Workshop on Insights from Negative Results in NLP},
  author = {Tafreshi, Shabnam and Akula, Arjun Reddy and Sedoc, Jo\~ao and Rogers, Anna and Drozd, Aleksandr and Rumshisky, Anna},
  sortname = {Tafreshi, Shabnam and Akula, Arjun Reddy and Sedoc, Jo\~ao and Rogers, Anna and Drozd, Aleksandr and Rumshisky, Anna},
}

@inproceedings{ws4,
  title = {Workshop on Online Abuse and Harms},
  author = {R\"ottger, Paul and Chung, Yi-Ling and Nozza, Debora and Davani, Aida Mostafazadeh and Calabrese, Agostina and Plaza-del-Arco, Flor Miriam and Talat, Zeerak},
  sortname = {R\"ottger, Paul and Chung, Yi-Ling and Nozza, Debora and Davani, Aida Mostafazadeh and Calabrese, Agostina and Plaza-del-Arco, Flor Miriam and Talat, Zeerak},
}

@inproceedings{ws5,
  title = {19th Workshop on Innovative Use of NLP for Building Educational Applications},
  author = {Kochmar, Ekaterina and Bexte, Marie and Burstein, Jill and Horbach, Andrea and Laarmann-Quante, Ronja and Tack, Ana\"is and Yaneva, Victoria and Yuan, Zheng},
  sortname = {Kochmar, Ekaterina and Bexte, Marie and Burstein, Jill and Horbach, Andrea and Laarmann-Quante, Ronja and Tack, Ana\"is and Yaneva, Victoria and Yuan, Zheng},
}

@inproceedings{ws6,
  title = {The Eleventh Workshop on NLP for Similar Languages, Varieties and Dialects (VarDial) 2024},
  author = {Scherrer, Yves and Jauhiainen, Tommi and Ljubešić, Nikola and Nakov, Preslav and Tiedemann, Jörg and Zampieri, Marcos},
  sortname = {Scherrer, Yves and Jauhiainen, Tommi and Ljubešić, Nikola and Nakov, Preslav and Tiedemann, Jörg and Zampieri, Marcos},
}

@inproceedings{ws7,
  title = {Workshops on Data Science with Human in the Loop},
  author = {Dragut, Eduard and Popa, Lucian and Srivastava, Shashank and Vucetic, Slobodan and Li, Yunyao},
  sortname = {Dragut, Eduard and Popa, Lucian and Srivastava, Shashank and Vucetic, Slobodan and Li, Yunyao},
}

@inproceedings{ws8,
  title = {21st SIGMORPHON Workshop on Computational Research in Phonetics, Phonology, and Morphology},
  author = {Nicolai, Garrett and Chodroff, Eleanor and Çöltekin, Çağrı and Mailhot, Fred},
  sortname = {Nicolai, Garrett and Chodroff, Eleanor and Çöltekin, Çağrı and Mailhot, Fred},
}

@inproceedings{ws9,
  title = {The 6th Clinical Natural Language Processing Workshop},
  author = {Ben Abacha, Asma and Bethard, Steven and Bitterman, Danielle and Naumann, Tristan and Roberts, Kirk},
  sortname = {Ben Abacha, Asma and Bethard, Steven and Bitterman, Danielle and Naumann, Tristan and Roberts, Kirk},
}

@inproceedings{ws10,
  title = {6th Workshop on NLP and Computational Social Science},
  author = {Card, Dallas and Field, Anjalie and Hovy, Dirk and Keith, Katie},
  sortname = {Card, Dallas and Field, Anjalie and Hovy, Dirk and Keith, Katie},
}

@inproceedings{ws11,
  title = {TrustNLP: Fourth Workshop on Trustworthy Natural Language Processing},
  author = {Chang, Kai-Wei and Ovalle, Anaelia and Cao, Yang Trista and Mehrabi, Ninareh and Galystan, Aram and Dhamala, Jwala and Kumar, Anoop and Gupta, Rahul},
  sortname = {Chang, Kai-Wei and Ovalle, Anaelia and Cao, Yang Trista and Mehrabi, Ninareh and Galystan, Aram and Dhamala, Jwala and Kumar, Anoop and Gupta, Rahul},
}

@inproceedings{ws12,
  title = {The Fourth Workshop on Figurative Language Processing},
  author = {Ghosh, Debanjan and Muresan, Smaranda and Feldman, Anna and Chakrabarty, Tuhin and Liu, Emmy and Lee, Patrick and Saakyan, Arkadiy and Shode, Iyanu},
  sortname = {Ghosh, Debanjan and Muresan, Smaranda and Feldman, Anna and Chakrabarty, Tuhin and Liu, Emmy and Lee, Patrick and Saakyan, Arkadiy and Shode, Iyanu},
}

@inproceedings{ws13,
  title = {Bridging Human-Computer Interaction and Natural Language Processing},
  author = {Blodgett, Su Lin and Cercas Curry, Amanda and Dev, Sunipa and Madaio, Michael and Nenkova, Ani and Yang, Diyi and Xiao, Ziang},
  sortname = {Blodgett, Su Lin and Cercas Curry, Amanda and Dev, Sunipa and Madaio, Michael and Nenkova, Ani and Yang, Diyi and Xiao, Ziang},
}

@inproceedings{ws14,
  title = {4th Workshop on NLP for Indigenous Languages of the Americas (AmericasNLP)},
  author = {Mager, Manuel and Ebrahimi, Abteen and Rijhwani, Shruti and Oncevay, Arturo and Chiruzzo, Luis and Pugh, Robert and von der Wense, Katharina},
  sortname = {Mager, Manuel and Ebrahimi, Abteen and Rijhwani, Shruti and Oncevay, Arturo and Chiruzzo, Luis and Pugh, Robert and von der Wense, Katharina},
}